# bibliografia para el articulo nuevo
@article{Broomhead88,
author = {Broomhead, D. S. and Lowe D.:},
journal = {Complex Systems},
pages = {321-355},
title = {Multivariable functional interpolation and adaptive networks},
volume = {2},
year = {1988},
}

@book{Champeon08,
address = {Santa Clara, CA},
author = {Champeon S.:},
publisher = {MySQL Conference and Expo},
title = {JavaScript: How Did We Get Here?},
year = {2008},
}

@book{Eich2010,
author = {Brendan E.:, A},
title = {Brief History of JavaScript},
year = {2010},
url = {http://bit.ly/1lKkI0M},
}

@book{Flanagan06,
author = {Flanagan D.:},
publisher = {O'Reilly Media},
title = {JavaScript: The Definitive Guide},
year = {2006},
}

@article{Keogh03,
author = {Keogh, E.:},
journal = {Data Mining and Knowledge Discovery},
number = {4},
pages = {349-371},
title = {On the Need for Time Series Data Mining Benchmarks: A Survey and Empirical},
volume = {7},
year = {2003},
}

@article{Rauschmayer04,
author = {Rauschmayer A.},
title = {Speaking JavaScript: An In-Depth Guide for Programmers},
volume = {978},
year = {2004},
unidentified = {-1--5},
comment = {O'Reilly Media,},
}

@article{Rivas04,
author = {Rivas, V. M. and Merelo, J. J. and Castillo, P. A. and Arenas, M. G. and Castellanos, J. G.:},
journal = {Information Sciences},
number = {3-4},
pages = {207-220},
title = {Evolving RBF neural networks for time-series forecasting with EvRBF},
volume = {165},
year = {2004},
}

@article{RivasEvoStar2014,
author = {Rivas, V. M. and Merelo, J. J. and Romero, G. and Garcia-Arenas, M. and Mora, A.:},
journal = {Applications of Evolutionary Computation -},
month = {April},
pages = {23-25},
title = {An Object-Oriented Library in JavaScript to Build Modular and Flexible Cross-Platform Evolutionary Algorithms},
year = {2014},
unidentified = {th European Conference, EvoApplications 2014, Granada, Spain},
}

@article{Whitehead,
author = {Whitehead, B. and Choate, T.:},
journal = {IEEE Trans. on Neural Networks},
number = {4},
pages = {869-880},
title = {Cooperative-competitive genetic evolution of Radial Basis Function centers and widths for time series predictioN},
volume = {7},
year = {1996},
}

@article{Sheta2001,
author = {Sheta, A. F. and de Jong, K.:},
journal = {Information Sciences},
month = {April},
number = {3},
pages = {221-228},
title = {Time-series forecasting using GA-tuned radial basis functions},
volume = {133},
year = {2001},
}
