# bibliografia para el articulo nuevo
